%YAML 1.1
%TAG !u! tag:unity3d.com,2011:
--- !u!1 &3853104913672784822
GameObject:
  m_ObjectHideFlags: 0
  m_CorrespondingSourceObject: {fileID: 0}
  m_PrefabInstance: {fileID: 0}
  m_PrefabAsset: {fileID: 0}
  serializedVersion: 6
  m_Component:
  - component: {fileID: 5030342321308808766}
  - component: {fileID: 9161973069573105250}
  - component: {fileID: 8339000097217357547}
  m_Layer: 11
  m_Name: Gem
  m_TagString: Untagged
  m_Icon: {fileID: 0}
  m_NavMeshLayer: 0
  m_StaticEditorFlags: 0
  m_IsActive: 1
--- !u!4 &5030342321308808766
Transform:
  m_ObjectHideFlags: 0
  m_CorrespondingSourceObject: {fileID: 0}
  m_PrefabInstance: {fileID: 0}
  m_PrefabAsset: {fileID: 0}
  m_GameObject: {fileID: 3853104913672784822}
  m_LocalRotation: {x: 0, y: 0, z: 0, w: 1}
  m_LocalPosition: {x: 0, y: 0, z: 0}
  m_LocalScale: {x: 0.75, y: 0.75, z: 0.75}
  m_Children:
  - {fileID: 6572636530458470087}
  - {fileID: 8155544936548587707}
  - {fileID: 6123378870089840640}
  m_Father: {fileID: 0}
  m_RootOrder: 0
  m_LocalEulerAnglesHint: {x: 0, y: 0, z: 0}
--- !u!114 &9161973069573105250
MonoBehaviour:
  m_ObjectHideFlags: 0
  m_CorrespondingSourceObject: {fileID: 0}
  m_PrefabInstance: {fileID: 0}
  m_PrefabAsset: {fileID: 0}
  m_GameObject: {fileID: 3853104913672784822}
  m_Enabled: 1
  m_EditorHideFlags: 0
  m_Script: {fileID: 11500000, guid: e28f1fd67c809ce4fa2941196b1b3a13, type: 3}
  m_Name: 
  m_EditorClassIdentifier: 
  m_renderer: {fileID: 6572636530456568871}
  m_collisionPS: {fileID: 8155544936563817783}
  m_endPS: {fileID: 6123378870109298656}
  m_deSpawnAnimationCurve:
    serializedVersion: 2
    m_Curve:
    - serializedVersion: 3
      time: 0
      value: 0
      inSlope: -3.3333333
      outSlope: -3.3333333
      tangentMode: 34
      weightedMode: 0
      inWeight: 0
      outWeight: 0.33333334
    - serializedVersion: 3
      time: 0.15
      value: -0.5
      inSlope: -0.037453383
      outSlope: -0.037453383
      tangentMode: 0
      weightedMode: 3
      inWeight: 0.62944394
      outWeight: 0.13435647
    - serializedVersion: 3
      time: 1
      value: 1
      inSlope: 1.7647058
      outSlope: 1.7647058
      tangentMode: 34
      weightedMode: 0
      inWeight: 0.33333334
      outWeight: 0
    m_PreInfinity: 2
    m_PostInfinity: 2
    m_RotationOrder: 4
--- !u!135 &8339000097217357547
SphereCollider:
  m_ObjectHideFlags: 0
  m_CorrespondingSourceObject: {fileID: 0}
  m_PrefabInstance: {fileID: 0}
  m_PrefabAsset: {fileID: 0}
  m_GameObject: {fileID: 3853104913672784822}
  m_Material: {fileID: 0}
  m_IsTrigger: 1
  m_Enabled: 1
  serializedVersion: 2
  m_Radius: 1.25
  m_Center: {x: 0, y: 0.5, z: 0}
--- !u!114 &1021176522193173500
MonoBehaviour:
  m_ObjectHideFlags: 0
  m_CorrespondingSourceObject: {fileID: 0}
  m_PrefabInstance: {fileID: 0}
  m_PrefabAsset: {fileID: 0}
  m_GameObject: {fileID: 6572636530458508007}
  m_Enabled: 1
  m_EditorHideFlags: 0
  m_Script: {fileID: 11500000, guid: e2d1c5f4c547fae43b065d9393878960, type: 3}
  m_Name: 
  m_EditorClassIdentifier: 
  rotationSpeed: {x: 0, y: 100, z: 0}
  localSpace: 0
--- !u!1001 &6123378870089421056
PrefabInstance:
  m_ObjectHideFlags: 0
  serializedVersion: 2
  m_Modification:
    m_TransformParent: {fileID: 5030342321308808766}
    m_Modifications:
    - target: {fileID: 129898, guid: 36bdc02b23d9ca94d93bd715c0cca5c0, type: 3}
      propertyPath: m_Name
      value: ConfettiBlastRainbow
      objectReference: {fileID: 0}
    - target: {fileID: 420096, guid: 36bdc02b23d9ca94d93bd715c0cca5c0, type: 3}
      propertyPath: m_RootOrder
      value: 2
      objectReference: {fileID: 0}
    - target: {fileID: 420096, guid: 36bdc02b23d9ca94d93bd715c0cca5c0, type: 3}
      propertyPath: m_LocalScale.x
      value: 1
      objectReference: {fileID: 0}
    - target: {fileID: 420096, guid: 36bdc02b23d9ca94d93bd715c0cca5c0, type: 3}
      propertyPath: m_LocalScale.y
      value: 1
      objectReference: {fileID: 0}
    - target: {fileID: 420096, guid: 36bdc02b23d9ca94d93bd715c0cca5c0, type: 3}
      propertyPath: m_LocalScale.z
      value: 1
      objectReference: {fileID: 0}
    - target: {fileID: 420096, guid: 36bdc02b23d9ca94d93bd715c0cca5c0, type: 3}
      propertyPath: m_LocalPosition.x
      value: 0
      objectReference: {fileID: 0}
    - target: {fileID: 420096, guid: 36bdc02b23d9ca94d93bd715c0cca5c0, type: 3}
      propertyPath: m_LocalPosition.y
      value: 0.1
      objectReference: {fileID: 0}
    - target: {fileID: 420096, guid: 36bdc02b23d9ca94d93bd715c0cca5c0, type: 3}
      propertyPath: m_LocalPosition.z
      value: -0
      objectReference: {fileID: 0}
    - target: {fileID: 420096, guid: 36bdc02b23d9ca94d93bd715c0cca5c0, type: 3}
      propertyPath: m_LocalRotation.w
      value: 0.7071068
      objectReference: {fileID: 0}
    - target: {fileID: 420096, guid: 36bdc02b23d9ca94d93bd715c0cca5c0, type: 3}
      propertyPath: m_LocalRotation.x
      value: -0.7071068
      objectReference: {fileID: 0}
    - target: {fileID: 420096, guid: 36bdc02b23d9ca94d93bd715c0cca5c0, type: 3}
      propertyPath: m_LocalRotation.y
      value: 0
      objectReference: {fileID: 0}
    - target: {fileID: 420096, guid: 36bdc02b23d9ca94d93bd715c0cca5c0, type: 3}
      propertyPath: m_LocalRotation.z
      value: 0
      objectReference: {fileID: 0}
    - target: {fileID: 420096, guid: 36bdc02b23d9ca94d93bd715c0cca5c0, type: 3}
      propertyPath: m_LocalEulerAnglesHint.x
      value: -90
      objectReference: {fileID: 0}
    - target: {fileID: 420096, guid: 36bdc02b23d9ca94d93bd715c0cca5c0, type: 3}
      propertyPath: m_LocalEulerAnglesHint.y
      value: 0
      objectReference: {fileID: 0}
    - target: {fileID: 420096, guid: 36bdc02b23d9ca94d93bd715c0cca5c0, type: 3}
      propertyPath: m_LocalEulerAnglesHint.z
      value: 0
      objectReference: {fileID: 0}
    - target: {fileID: 19870626, guid: 36bdc02b23d9ca94d93bd715c0cca5c0, type: 3}
      propertyPath: playOnAwake
      value: 0
      objectReference: {fileID: 0}
    - target: {fileID: 19870626, guid: 36bdc02b23d9ca94d93bd715c0cca5c0, type: 3}
      propertyPath: InitialModule.startSizeY.minMaxState
      value: 3
      objectReference: {fileID: 0}
    - target: {fileID: 19870626, guid: 36bdc02b23d9ca94d93bd715c0cca5c0, type: 3}
      propertyPath: InitialModule.startSizeZ.minMaxState
      value: 3
      objectReference: {fileID: 0}
    - target: {fileID: 19870626, guid: 36bdc02b23d9ca94d93bd715c0cca5c0, type: 3}
      propertyPath: InitialModule.startRotationX.minMaxState
      value: 3
      objectReference: {fileID: 0}
    - target: {fileID: 19870626, guid: 36bdc02b23d9ca94d93bd715c0cca5c0, type: 3}
      propertyPath: InitialModule.startRotationY.minMaxState
      value: 3
      objectReference: {fileID: 0}
    - target: {fileID: 19877600, guid: 36bdc02b23d9ca94d93bd715c0cca5c0, type: 3}
      propertyPath: looping
      value: 0
      objectReference: {fileID: 0}
    - target: {fileID: 19877600, guid: 36bdc02b23d9ca94d93bd715c0cca5c0, type: 3}
      propertyPath: playOnAwake
      value: 0
      objectReference: {fileID: 0}
    - target: {fileID: 19877600, guid: 36bdc02b23d9ca94d93bd715c0cca5c0, type: 3}
      propertyPath: UVModule.enabled
      value: 0
      objectReference: {fileID: 0}
    - target: {fileID: 19877600, guid: 36bdc02b23d9ca94d93bd715c0cca5c0, type: 3}
      propertyPath: InitialModule.startColor.maxColor.b
      value: 0.909804
      objectReference: {fileID: 0}
    - target: {fileID: 19877600, guid: 36bdc02b23d9ca94d93bd715c0cca5c0, type: 3}
      propertyPath: InitialModule.startColor.maxColor.g
      value: 0.08627451
      objectReference: {fileID: 0}
    - target: {fileID: 19877600, guid: 36bdc02b23d9ca94d93bd715c0cca5c0, type: 3}
      propertyPath: InitialModule.startColor.maxColor.r
      value: 0.69803923
      objectReference: {fileID: 0}
    - target: {fileID: 19899280, guid: 36bdc02b23d9ca94d93bd715c0cca5c0, type: 3}
      propertyPath: playOnAwake
      value: 0
      objectReference: {fileID: 0}
    - target: {fileID: 19899280, guid: 36bdc02b23d9ca94d93bd715c0cca5c0, type: 3}
      propertyPath: InitialModule.startRotationX.minMaxState
      value: 3
      objectReference: {fileID: 0}
    - target: {fileID: 19899280, guid: 36bdc02b23d9ca94d93bd715c0cca5c0, type: 3}
      propertyPath: InitialModule.startRotationY.minMaxState
      value: 3
      objectReference: {fileID: 0}
    - target: {fileID: 19914696, guid: 36bdc02b23d9ca94d93bd715c0cca5c0, type: 3}
      propertyPath: m_Materials.Array.size
      value: 1
      objectReference: {fileID: 0}
    - target: {fileID: 19939786, guid: 36bdc02b23d9ca94d93bd715c0cca5c0, type: 3}
      propertyPath: m_Materials.Array.size
      value: 1
      objectReference: {fileID: 0}
    - target: {fileID: 19939786, guid: 36bdc02b23d9ca94d93bd715c0cca5c0, type: 3}
      propertyPath: m_Materials.Array.data[0]
      value: 
      objectReference: {fileID: 2100000, guid: b18036fb1921bf44aa1e636f1bf63a2a, type: 2}
    - target: {fileID: 19941448, guid: 36bdc02b23d9ca94d93bd715c0cca5c0, type: 3}
      propertyPath: m_Materials.Array.size
      value: 1
      objectReference: {fileID: 0}
    m_RemovedComponents: []
  m_SourcePrefab: {fileID: 100100000, guid: 36bdc02b23d9ca94d93bd715c0cca5c0, type: 3}
--- !u!4 &6123378870089840640 stripped
Transform:
  m_CorrespondingSourceObject: {fileID: 420096, guid: 36bdc02b23d9ca94d93bd715c0cca5c0,
    type: 3}
  m_PrefabInstance: {fileID: 6123378870089421056}
  m_PrefabAsset: {fileID: 0}
--- !u!198 &6123378870109298656 stripped
ParticleSystem:
  m_CorrespondingSourceObject: {fileID: 19877600, guid: 36bdc02b23d9ca94d93bd715c0cca5c0,
    type: 3}
  m_PrefabInstance: {fileID: 6123378870089421056}
  m_PrefabAsset: {fileID: 0}
--- !u!1001 &6572636530458606663
PrefabInstance:
  m_ObjectHideFlags: 0
  serializedVersion: 2
  m_Modification:
    m_TransformParent: {fileID: 5030342321308808766}
    m_Modifications:
    - target: {fileID: 100000, guid: 2ceaf1c9b453d204da692537708e16c1, type: 3}
      propertyPath: m_Name
      value: Mesh
      objectReference: {fileID: 0}
    - target: {fileID: 400000, guid: 2ceaf1c9b453d204da692537708e16c1, type: 3}
      propertyPath: m_RootOrder
      value: 0
      objectReference: {fileID: 0}
    - target: {fileID: 400000, guid: 2ceaf1c9b453d204da692537708e16c1, type: 3}
      propertyPath: m_LocalScale.x
      value: 0.8
      objectReference: {fileID: 0}
    - target: {fileID: 400000, guid: 2ceaf1c9b453d204da692537708e16c1, type: 3}
      propertyPath: m_LocalScale.y
      value: 1
      objectReference: {fileID: 0}
    - target: {fileID: 400000, guid: 2ceaf1c9b453d204da692537708e16c1, type: 3}
      propertyPath: m_LocalScale.z
      value: 0.8
      objectReference: {fileID: 0}
    - target: {fileID: 400000, guid: 2ceaf1c9b453d204da692537708e16c1, type: 3}
      propertyPath: m_LocalPosition.x
      value: 0
      objectReference: {fileID: 0}
    - target: {fileID: 400000, guid: 2ceaf1c9b453d204da692537708e16c1, type: 3}
      propertyPath: m_LocalPosition.y
      value: 0.5
      objectReference: {fileID: 0}
    - target: {fileID: 400000, guid: 2ceaf1c9b453d204da692537708e16c1, type: 3}
      propertyPath: m_LocalPosition.z
      value: 0
      objectReference: {fileID: 0}
    - target: {fileID: 400000, guid: 2ceaf1c9b453d204da692537708e16c1, type: 3}
      propertyPath: m_LocalRotation.w
      value: 1
      objectReference: {fileID: 0}
    - target: {fileID: 400000, guid: 2ceaf1c9b453d204da692537708e16c1, type: 3}
      propertyPath: m_LocalRotation.x
      value: -0
      objectReference: {fileID: 0}
    - target: {fileID: 400000, guid: 2ceaf1c9b453d204da692537708e16c1, type: 3}
      propertyPath: m_LocalRotation.y
      value: -0
      objectReference: {fileID: 0}
    - target: {fileID: 400000, guid: 2ceaf1c9b453d204da692537708e16c1, type: 3}
      propertyPath: m_LocalRotation.z
      value: -0
      objectReference: {fileID: 0}
    - target: {fileID: 400000, guid: 2ceaf1c9b453d204da692537708e16c1, type: 3}
      propertyPath: m_LocalEulerAnglesHint.x
      value: 0
      objectReference: {fileID: 0}
    - target: {fileID: 400000, guid: 2ceaf1c9b453d204da692537708e16c1, type: 3}
      propertyPath: m_LocalEulerAnglesHint.y
      value: 0
      objectReference: {fileID: 0}
    - target: {fileID: 400000, guid: 2ceaf1c9b453d204da692537708e16c1, type: 3}
      propertyPath: m_LocalEulerAnglesHint.z
      value: 0
      objectReference: {fileID: 0}
    - target: {fileID: 2300000, guid: 2ceaf1c9b453d204da692537708e16c1, type: 3}
      propertyPath: m_Materials.Array.data[0]
      value: 
      objectReference: {fileID: 2100000, guid: 59b09ee7e83745c448e6fd27331e5b9e, type: 2}
    m_RemovedComponents: []
  m_SourcePrefab: {fileID: 100100000, guid: 2ceaf1c9b453d204da692537708e16c1, type: 3}
--- !u!1 &6572636530458508007 stripped
GameObject:
  m_CorrespondingSourceObject: {fileID: 100000, guid: 2ceaf1c9b453d204da692537708e16c1,
    type: 3}
  m_PrefabInstance: {fileID: 6572636530458606663}
  m_PrefabAsset: {fileID: 0}
--- !u!4 &6572636530458470087 stripped
Transform:
  m_CorrespondingSourceObject: {fileID: 400000, guid: 2ceaf1c9b453d204da692537708e16c1,
    type: 3}
  m_PrefabInstance: {fileID: 6572636530458606663}
  m_PrefabAsset: {fileID: 0}
--- !u!23 &6572636530456568871 stripped
MeshRenderer:
  m_CorrespondingSourceObject: {fileID: 2300000, guid: 2ceaf1c9b453d204da692537708e16c1,
    type: 3}
  m_PrefabInstance: {fileID: 6572636530458606663}
  m_PrefabAsset: {fileID: 0}
--- !u!1001 &8155544936548267299
PrefabInstance:
  m_ObjectHideFlags: 0
  serializedVersion: 2
  m_Modification:
    m_TransformParent: {fileID: 5030342321308808766}
    m_Modifications:
    - target: {fileID: 105922, guid: 0a09a3a2bbd2966428434f3fade79433, type: 3}
      propertyPath: m_IsActive
      value: 1
      objectReference: {fileID: 0}
    - target: {fileID: 107322, guid: 0a09a3a2bbd2966428434f3fade79433, type: 3}
      propertyPath: m_IsActive
      value: 1
      objectReference: {fileID: 0}
    - target: {fileID: 109660, guid: 0a09a3a2bbd2966428434f3fade79433, type: 3}
      propertyPath: m_Name
      value: ExplosionNovaSmallBlue
      objectReference: {fileID: 0}
    - target: {fileID: 117292, guid: 0a09a3a2bbd2966428434f3fade79433, type: 3}
      propertyPath: m_IsActive
      value: 1
      objectReference: {fileID: 0}
    - target: {fileID: 199034, guid: 0a09a3a2bbd2966428434f3fade79433, type: 3}
      propertyPath: m_IsActive
      value: 1
      objectReference: {fileID: 0}
    - target: {fileID: 470424, guid: 0a09a3a2bbd2966428434f3fade79433, type: 3}
      propertyPath: m_RootOrder
      value: 1
      objectReference: {fileID: 0}
    - target: {fileID: 470424, guid: 0a09a3a2bbd2966428434f3fade79433, type: 3}
      propertyPath: m_LocalPosition.x
      value: 0
      objectReference: {fileID: 0}
    - target: {fileID: 470424, guid: 0a09a3a2bbd2966428434f3fade79433, type: 3}
      propertyPath: m_LocalPosition.y
      value: 0.5
      objectReference: {fileID: 0}
    - target: {fileID: 470424, guid: 0a09a3a2bbd2966428434f3fade79433, type: 3}
      propertyPath: m_LocalPosition.z
      value: 0
      objectReference: {fileID: 0}
    - target: {fileID: 470424, guid: 0a09a3a2bbd2966428434f3fade79433, type: 3}
      propertyPath: m_LocalRotation.w
      value: 0.7071068
      objectReference: {fileID: 0}
    - target: {fileID: 470424, guid: 0a09a3a2bbd2966428434f3fade79433, type: 3}
      propertyPath: m_LocalRotation.x
      value: -0.7071068
      objectReference: {fileID: 0}
    - target: {fileID: 470424, guid: 0a09a3a2bbd2966428434f3fade79433, type: 3}
      propertyPath: m_LocalRotation.y
      value: 0
      objectReference: {fileID: 0}
    - target: {fileID: 470424, guid: 0a09a3a2bbd2966428434f3fade79433, type: 3}
      propertyPath: m_LocalRotation.z
      value: 0
      objectReference: {fileID: 0}
    - target: {fileID: 470424, guid: 0a09a3a2bbd2966428434f3fade79433, type: 3}
      propertyPath: m_LocalEulerAnglesHint.x
      value: -90
      objectReference: {fileID: 0}
    - target: {fileID: 470424, guid: 0a09a3a2bbd2966428434f3fade79433, type: 3}
      propertyPath: m_LocalEulerAnglesHint.y
      value: 0
      objectReference: {fileID: 0}
    - target: {fileID: 470424, guid: 0a09a3a2bbd2966428434f3fade79433, type: 3}
      propertyPath: m_LocalEulerAnglesHint.z
      value: 0
      objectReference: {fileID: 0}
    - target: {fileID: 19839726, guid: 0a09a3a2bbd2966428434f3fade79433, type: 3}
      propertyPath: playOnAwake
      value: 0
      objectReference: {fileID: 0}
    - target: {fileID: 19839726, guid: 0a09a3a2bbd2966428434f3fade79433, type: 3}
      propertyPath: moveWithTransform
      value: 1
      objectReference: {fileID: 0}
    - target: {fileID: 19839726, guid: 0a09a3a2bbd2966428434f3fade79433, type: 3}
      propertyPath: InitialModule.startSizeY.minMaxState
      value: 3
      objectReference: {fileID: 0}
    - target: {fileID: 19839726, guid: 0a09a3a2bbd2966428434f3fade79433, type: 3}
      propertyPath: InitialModule.startSizeZ.minMaxState
      value: 3
      objectReference: {fileID: 0}
    - target: {fileID: 19839726, guid: 0a09a3a2bbd2966428434f3fade79433, type: 3}
      propertyPath: ColorModule.gradient.maxGradient.ctime1
      value: 32768
      objectReference: {fileID: 0}
    - target: {fileID: 19839726, guid: 0a09a3a2bbd2966428434f3fade79433, type: 3}
      propertyPath: ColorModule.gradient.maxGradient.key1.g
      value: 0.4575472
      objectReference: {fileID: 0}
    - target: {fileID: 19839726, guid: 0a09a3a2bbd2966428434f3fade79433, type: 3}
      propertyPath: ColorModule.gradient.maxGradient.key1.r
      value: 0.99524164
      objectReference: {fileID: 0}
    - target: {fileID: 19839726, guid: 0a09a3a2bbd2966428434f3fade79433, type: 3}
      propertyPath: ColorModule.gradient.maxGradient.key2.b
      value: 0.5754717
      objectReference: {fileID: 0}
    - target: {fileID: 19839726, guid: 0a09a3a2bbd2966428434f3fade79433, type: 3}
      propertyPath: ColorModule.gradient.maxGradient.key2.g
      value: 0.019001435
      objectReference: {fileID: 0}
    - target: {fileID: 19839726, guid: 0a09a3a2bbd2966428434f3fade79433, type: 3}
      propertyPath: ColorModule.gradient.maxGradient.key2.r
      value: 0.5754717
      objectReference: {fileID: 0}
    - target: {fileID: 19843092, guid: 0a09a3a2bbd2966428434f3fade79433, type: 3}
      propertyPath: playOnAwake
      value: 0
      objectReference: {fileID: 0}
    - target: {fileID: 19843092, guid: 0a09a3a2bbd2966428434f3fade79433, type: 3}
      propertyPath: moveWithTransform
      value: 1
      objectReference: {fileID: 0}
    - target: {fileID: 19843092, guid: 0a09a3a2bbd2966428434f3fade79433, type: 3}
      propertyPath: RotationModule.x.minMaxState
      value: 2
      objectReference: {fileID: 0}
    - target: {fileID: 19843092, guid: 0a09a3a2bbd2966428434f3fade79433, type: 3}
      propertyPath: RotationModule.y.minMaxState
      value: 2
      objectReference: {fileID: 0}
    - target: {fileID: 19843092, guid: 0a09a3a2bbd2966428434f3fade79433, type: 3}
      propertyPath: ColorModule.gradient.maxGradient.key1.b
      value: 1
      objectReference: {fileID: 0}
    - target: {fileID: 19843092, guid: 0a09a3a2bbd2966428434f3fade79433, type: 3}
      propertyPath: ColorModule.gradient.maxGradient.key1.g
      value: 0.4575472
      objectReference: {fileID: 0}
    - target: {fileID: 19843092, guid: 0a09a3a2bbd2966428434f3fade79433, type: 3}
      propertyPath: ColorModule.gradient.maxGradient.key1.r
      value: 0.99524164
      objectReference: {fileID: 0}
    - target: {fileID: 19843092, guid: 0a09a3a2bbd2966428434f3fade79433, type: 3}
      propertyPath: ColorModule.gradient.maxGradient.key2.r
      value: 1
      objectReference: {fileID: 0}
    - target: {fileID: 19844680, guid: 0a09a3a2bbd2966428434f3fade79433, type: 3}
      propertyPath: playOnAwake
      value: 0
      objectReference: {fileID: 0}
    - target: {fileID: 19844680, guid: 0a09a3a2bbd2966428434f3fade79433, type: 3}
      propertyPath: moveWithTransform
      value: 1
      objectReference: {fileID: 0}
    - target: {fileID: 19844680, guid: 0a09a3a2bbd2966428434f3fade79433, type: 3}
      propertyPath: ColorModule.gradient.maxGradient.key0.g
      value: 0.49411768
      objectReference: {fileID: 0}
    - target: {fileID: 19844680, guid: 0a09a3a2bbd2966428434f3fade79433, type: 3}
      propertyPath: ColorModule.gradient.maxGradient.key0.r
      value: 1
      objectReference: {fileID: 0}
    - target: {fileID: 19844680, guid: 0a09a3a2bbd2966428434f3fade79433, type: 3}
      propertyPath: InitialModule.startRotationX.minMaxState
      value: 3
      objectReference: {fileID: 0}
    - target: {fileID: 19844680, guid: 0a09a3a2bbd2966428434f3fade79433, type: 3}
      propertyPath: InitialModule.startRotationY.minMaxState
      value: 3
      objectReference: {fileID: 0}
    - target: {fileID: 19877776, guid: 0a09a3a2bbd2966428434f3fade79433, type: 3}
      propertyPath: playOnAwake
      value: 0
      objectReference: {fileID: 0}
    - target: {fileID: 19877776, guid: 0a09a3a2bbd2966428434f3fade79433, type: 3}
      propertyPath: moveWithTransform
      value: 1
      objectReference: {fileID: 0}
    - target: {fileID: 19877776, guid: 0a09a3a2bbd2966428434f3fade79433, type: 3}
      propertyPath: InitialModule.startColor.maxColor.g
      value: 0.49411768
      objectReference: {fileID: 0}
    - target: {fileID: 19877776, guid: 0a09a3a2bbd2966428434f3fade79433, type: 3}
      propertyPath: InitialModule.startColor.maxColor.r
      value: 1
      objectReference: {fileID: 0}
    - target: {fileID: 19890108, guid: 0a09a3a2bbd2966428434f3fade79433, type: 3}
      propertyPath: playOnAwake
      value: 0
      objectReference: {fileID: 0}
    - target: {fileID: 19890108, guid: 0a09a3a2bbd2966428434f3fade79433, type: 3}
      propertyPath: moveWithTransform
      value: 1
      objectReference: {fileID: 0}
    - target: {fileID: 19890108, guid: 0a09a3a2bbd2966428434f3fade79433, type: 3}
      propertyPath: InitialModule.startRotationX.minMaxState
      value: 3
      objectReference: {fileID: 0}
    - target: {fileID: 19890108, guid: 0a09a3a2bbd2966428434f3fade79433, type: 3}
      propertyPath: InitialModule.startRotationY.minMaxState
      value: 3
      objectReference: {fileID: 0}
    - target: {fileID: 19934302, guid: 0a09a3a2bbd2966428434f3fade79433, type: 3}
      propertyPath: m_Materials.Array.size
      value: 1
      objectReference: {fileID: 0}
    - target: {fileID: 19940114, guid: 0a09a3a2bbd2966428434f3fade79433, type: 3}
      propertyPath: m_Materials.Array.size
      value: 1
      objectReference: {fileID: 0}
    - target: {fileID: 19946478, guid: 0a09a3a2bbd2966428434f3fade79433, type: 3}
      propertyPath: m_Materials.Array.size
      value: 1
      objectReference: {fileID: 0}
    - target: {fileID: 19961766, guid: 0a09a3a2bbd2966428434f3fade79433, type: 3}
      propertyPath: m_Materials.Array.size
      value: 1
      objectReference: {fileID: 0}
    - target: {fileID: 19972566, guid: 0a09a3a2bbd2966428434f3fade79433, type: 3}
      propertyPath: m_Materials.Array.size
      value: 1
      objectReference: {fileID: 0}
    m_RemovedComponents:
    - {fileID: 8228084, guid: 0a09a3a2bbd2966428434f3fade79433, type: 3}
  m_SourcePrefab: {fileID: 100100000, guid: 0a09a3a2bbd2966428434f3fade79433, type: 3}
--- !u!4 &8155544936548587707 stripped
Transform:
  m_CorrespondingSourceObject: {fileID: 470424, guid: 0a09a3a2bbd2966428434f3fade79433,
    type: 3}
  m_PrefabInstance: {fileID: 8155544936548267299}
  m_PrefabAsset: {fileID: 0}
--- !u!198 &8155544936563817783 stripped
ParticleSystem:
  m_CorrespondingSourceObject: {fileID: 19843092, guid: 0a09a3a2bbd2966428434f3fade79433,
    type: 3}
  m_PrefabInstance: {fileID: 8155544936548267299}
  m_PrefabAsset: {fileID: 0}
