%YAML 1.1
%TAG !u! tag:unity3d.com,2011:
--- !u!1 &4106185847978419311
GameObject:
  m_ObjectHideFlags: 0
  m_CorrespondingSourceObject: {fileID: 0}
  m_PrefabInstance: {fileID: 0}
  m_PrefabAsset: {fileID: 0}
  serializedVersion: 6
  m_Component:
  - component: {fileID: 7548119248815192642}
  - component: {fileID: 5412451853610499928}
  m_Layer: 0
  m_Name: Shadow
  m_TagString: Untagged
  m_Icon: {fileID: 0}
  m_NavMeshLayer: 0
  m_StaticEditorFlags: 0
  m_IsActive: 1
--- !u!4 &7548119248815192642
Transform:
  m_ObjectHideFlags: 0
  m_CorrespondingSourceObject: {fileID: 0}
  m_PrefabInstance: {fileID: 0}
  m_PrefabAsset: {fileID: 0}
  m_GameObject: {fileID: 4106185847978419311}
  m_LocalRotation: {x: 0.7071068, y: -0, z: -0, w: 0.7071068}
  m_LocalPosition: {x: 0, y: 0.029, z: 0}
  m_LocalScale: {x: 0.5645, y: 0.5645, z: 0.5645}
  m_Children: []
  m_Father: {fileID: 6491302024344944618}
  m_RootOrder: 1
  m_LocalEulerAnglesHint: {x: 90, y: 0, z: 0}
--- !u!212 &5412451853610499928
SpriteRenderer:
  m_ObjectHideFlags: 0
  m_CorrespondingSourceObject: {fileID: 0}
  m_PrefabInstance: {fileID: 0}
  m_PrefabAsset: {fileID: 0}
  m_GameObject: {fileID: 4106185847978419311}
  m_Enabled: 1
  m_CastShadows: 0
  m_ReceiveShadows: 0
  m_DynamicOccludee: 1
  m_MotionVectors: 1
  m_LightProbeUsage: 1
  m_ReflectionProbeUsage: 1
  m_RayTracingMode: 0
  m_RenderingLayerMask: 1
  m_RendererPriority: 0
  m_Materials:
  - {fileID: 10754, guid: 0000000000000000f000000000000000, type: 0}
  m_StaticBatchInfo:
    firstSubMesh: 0
    subMeshCount: 0
  m_StaticBatchRoot: {fileID: 0}
  m_ProbeAnchor: {fileID: 0}
  m_LightProbeVolumeOverride: {fileID: 0}
  m_ScaleInLightmap: 1
  m_ReceiveGI: 1
  m_PreserveUVs: 0
  m_IgnoreNormalsForChartDetection: 0
  m_ImportantGI: 0
  m_StitchLightmapSeams: 1
  m_SelectedEditorRenderState: 0
  m_MinimumChartSize: 4
  m_AutoUVMaxDistance: 0.5
  m_AutoUVMaxAngle: 89
  m_LightmapParameters: {fileID: 0}
  m_SortingLayerID: 0
  m_SortingLayer: 0
  m_SortingOrder: 0
  m_Sprite: {fileID: 21300000, guid: 64905e696fe74dd47891d2e0c51a1953, type: 3}
  m_Color: {r: 0, g: 0, b: 0, a: 0.101960786}
  m_FlipX: 0
  m_FlipY: 0
  m_DrawMode: 0
  m_Size: {x: 3.95, y: 3.83}
  m_AdaptiveModeThreshold: 0.5
  m_SpriteTileMode: 0
  m_WasSpriteAssigned: 1
  m_MaskInteraction: 0
  m_SpriteSortPoint: 0
--- !u!54 &1619671033686498880
Rigidbody:
  m_ObjectHideFlags: 0
  m_CorrespondingSourceObject: {fileID: 0}
  m_PrefabInstance: {fileID: 0}
  m_PrefabAsset: {fileID: 0}
  m_GameObject: {fileID: 6256860105858434741}
  serializedVersion: 2
  m_Mass: 1
  m_Drag: 0
  m_AngularDrag: 0.05
  m_UseGravity: 1
  m_IsKinematic: 1
  m_Interpolate: 0
  m_Constraints: 0
  m_CollisionDetection: 0
--- !u!135 &4126369177760718436
SphereCollider:
  m_ObjectHideFlags: 0
  m_CorrespondingSourceObject: {fileID: 0}
  m_PrefabInstance: {fileID: 0}
  m_PrefabAsset: {fileID: 0}
  m_GameObject: {fileID: 6256860105858434741}
  m_Material: {fileID: 0}
  m_IsTrigger: 1
  m_Enabled: 1
  serializedVersion: 2
  m_Radius: 0.34
  m_Center: {x: 0, y: 0.53961056, z: 0}
--- !u!114 &363290497870127704
MonoBehaviour:
  m_ObjectHideFlags: 0
  m_CorrespondingSourceObject: {fileID: 0}
  m_PrefabInstance: {fileID: 0}
  m_PrefabAsset: {fileID: 0}
  m_GameObject: {fileID: 6256860105858434741}
  m_Enabled: 1
  m_EditorHideFlags: 0
  m_Script: {fileID: 11500000, guid: e2e1fc331567a45ef9824d48b0a360bc, type: 3}
  m_Name: 
  m_EditorClassIdentifier: 
  onCollisionEnter:
    m_PersistentCalls:
      m_Calls: []
  onCollisionStay:
    m_PersistentCalls:
      m_Calls: []
  onCollisionExit:
    m_PersistentCalls:
      m_Calls: []
  onTriggerEnter:
    m_PersistentCalls:
      m_Calls:
      - m_Target: {fileID: 3904743822369467325}
        m_MethodName: OnTriggerEnter
        m_Mode: 0
        m_Arguments:
          m_ObjectArgument: {fileID: 0}
          m_ObjectArgumentAssemblyTypeName: UnityEngine.Object, UnityEngine
          m_IntArgument: 0
          m_FloatArgument: 0
          m_StringArgument: 
          m_BoolArgument: 0
        m_CallState: 2
  onTriggerStay:
    m_PersistentCalls:
      m_Calls: []
  onTriggerExit:
    m_PersistentCalls:
      m_Calls: []
  onCollisionEnter2D:
    m_PersistentCalls:
      m_Calls: []
  onCollisionStay2D:
    m_PersistentCalls:
      m_Calls: []
  onCollisionExit2D:
    m_PersistentCalls:
      m_Calls: []
  onTriggerEnter2D:
    m_PersistentCalls:
      m_Calls: []
  onTriggerStay2D:
    m_PersistentCalls:
      m_Calls: []
  onTriggerExit2D:
    m_PersistentCalls:
      m_Calls: []
  showedEventsMask: 64
--- !u!114 &2471395773139817884
MonoBehaviour:
  m_ObjectHideFlags: 0
  m_CorrespondingSourceObject: {fileID: 0}
  m_PrefabInstance: {fileID: 0}
  m_PrefabAsset: {fileID: 0}
  m_GameObject: {fileID: 6256860105858434741}
  m_Enabled: 1
  m_EditorHideFlags: 0
  m_Script: {fileID: 11500000, guid: e2d1c5f4c547fae43b065d9393878960, type: 3}
  m_Name: 
  m_EditorClassIdentifier: 
  rotationSpeed: {x: 0, y: 250, z: 0}
  localSpace: 1
--- !u!114 &3264524068444720711
MonoBehaviour:
  m_ObjectHideFlags: 0
  m_CorrespondingSourceObject: {fileID: 0}
  m_PrefabInstance: {fileID: 0}
  m_PrefabAsset: {fileID: 0}
  m_GameObject: {fileID: 6256860105858434741}
  m_Enabled: 1
  m_EditorHideFlags: 0
  m_Script: {fileID: 11500000, guid: 89a1dcd551085154096786d02e05c581, type: 3}
  m_Name: 
  m_EditorClassIdentifier: 
  m_collider: {fileID: 4126369177760718436}
  m_rigidBody: {fileID: 1619671033686498880}
  m_hitFx: {fileID: 2478477277079641703, guid: e90c8db8acae00e4c8981c08f6190759, type: 3}
  m_expulsionForce: 7.5
  m_shakeForce: 2
--- !u!1 &6491302024344944617
GameObject:
  m_ObjectHideFlags: 0
  m_CorrespondingSourceObject: {fileID: 0}
  m_PrefabInstance: {fileID: 0}
  m_PrefabAsset: {fileID: 0}
  serializedVersion: 6
  m_Component:
  - component: {fileID: 6491302024344944618}
  - component: {fileID: 3904743822369467325}
  m_Layer: 0
  m_Name: SpikyCylinder
  m_TagString: Untagged
  m_Icon: {fileID: 0}
  m_NavMeshLayer: 0
  m_StaticEditorFlags: 0
  m_IsActive: 1
--- !u!4 &6491302024344944618
Transform:
  m_ObjectHideFlags: 0
  m_CorrespondingSourceObject: {fileID: 0}
  m_PrefabInstance: {fileID: 0}
  m_PrefabAsset: {fileID: 0}
  m_GameObject: {fileID: 6491302024344944617}
  m_LocalRotation: {x: 0, y: 0, z: 0, w: 1}
  m_LocalPosition: {x: 0, y: 0, z: 0}
  m_LocalScale: {x: 1, y: 1, z: 1}
  m_Children:
  - {fileID: 6746117025291115535}
  - {fileID: 7548119248815192642}
  m_Father: {fileID: 0}
  m_RootOrder: 0
  m_LocalEulerAnglesHint: {x: 0, y: 0, z: 0}
--- !u!114 &3904743822369467325
MonoBehaviour:
  m_ObjectHideFlags: 0
  m_CorrespondingSourceObject: {fileID: 0}
  m_PrefabInstance: {fileID: 0}
  m_PrefabAsset: {fileID: 0}
  m_GameObject: {fileID: 6491302024344944617}
  m_Enabled: 1
  m_EditorHideFlags: 0
  m_Script: {fileID: 11500000, guid: b28a9081981641878bd30d3e2eac409a, type: 3}
  m_Name: 
  m_EditorClassIdentifier: 
--- !u!1001 &6491302023744224228
PrefabInstance:
  m_ObjectHideFlags: 0
  serializedVersion: 2
  m_Modification:
    m_TransformParent: {fileID: 6491302024344944618}
    m_Modifications:
    - target: {fileID: -8679921383154817045, guid: 5e558ce9124f25c42b6290bc4f7d5dc3,
        type: 3}
      propertyPath: m_RootOrder
      value: 0
      objectReference: {fileID: 0}
    - target: {fileID: -8679921383154817045, guid: 5e558ce9124f25c42b6290bc4f7d5dc3,
        type: 3}
      propertyPath: m_LocalScale.x
      value: 1.75
      objectReference: {fileID: 0}
    - target: {fileID: -8679921383154817045, guid: 5e558ce9124f25c42b6290bc4f7d5dc3,
        type: 3}
      propertyPath: m_LocalScale.y
      value: 1.75
      objectReference: {fileID: 0}
    - target: {fileID: -8679921383154817045, guid: 5e558ce9124f25c42b6290bc4f7d5dc3,
        type: 3}
      propertyPath: m_LocalScale.z
      value: 1.75
      objectReference: {fileID: 0}
    - target: {fileID: -8679921383154817045, guid: 5e558ce9124f25c42b6290bc4f7d5dc3,
        type: 3}
      propertyPath: m_LocalPosition.x
      value: 0
      objectReference: {fileID: 0}
    - target: {fileID: -8679921383154817045, guid: 5e558ce9124f25c42b6290bc4f7d5dc3,
        type: 3}
      propertyPath: m_LocalPosition.y
      value: 0
      objectReference: {fileID: 0}
    - target: {fileID: -8679921383154817045, guid: 5e558ce9124f25c42b6290bc4f7d5dc3,
        type: 3}
      propertyPath: m_LocalPosition.z
      value: 0
      objectReference: {fileID: 0}
    - target: {fileID: -8679921383154817045, guid: 5e558ce9124f25c42b6290bc4f7d5dc3,
        type: 3}
      propertyPath: m_LocalRotation.w
      value: 1
      objectReference: {fileID: 0}
    - target: {fileID: -8679921383154817045, guid: 5e558ce9124f25c42b6290bc4f7d5dc3,
        type: 3}
      propertyPath: m_LocalRotation.x
      value: 0
      objectReference: {fileID: 0}
    - target: {fileID: -8679921383154817045, guid: 5e558ce9124f25c42b6290bc4f7d5dc3,
        type: 3}
      propertyPath: m_LocalRotation.y
      value: 0
      objectReference: {fileID: 0}
    - target: {fileID: -8679921383154817045, guid: 5e558ce9124f25c42b6290bc4f7d5dc3,
        type: 3}
      propertyPath: m_LocalRotation.z
      value: 0
      objectReference: {fileID: 0}
    - target: {fileID: -8679921383154817045, guid: 5e558ce9124f25c42b6290bc4f7d5dc3,
        type: 3}
      propertyPath: m_LocalEulerAnglesHint.x
      value: 0
      objectReference: {fileID: 0}
    - target: {fileID: -8679921383154817045, guid: 5e558ce9124f25c42b6290bc4f7d5dc3,
        type: 3}
      propertyPath: m_LocalEulerAnglesHint.y
      value: 0
      objectReference: {fileID: 0}
    - target: {fileID: -8679921383154817045, guid: 5e558ce9124f25c42b6290bc4f7d5dc3,
        type: 3}
      propertyPath: m_LocalEulerAnglesHint.z
      value: 0
      objectReference: {fileID: 0}
    - target: {fileID: -7511558181221131132, guid: 5e558ce9124f25c42b6290bc4f7d5dc3,
        type: 3}
      propertyPath: m_Materials.Array.size
      value: 2
      objectReference: {fileID: 0}
    - target: {fileID: -7511558181221131132, guid: 5e558ce9124f25c42b6290bc4f7d5dc3,
        type: 3}
      propertyPath: m_Materials.Array.data[0]
      value: 
      objectReference: {fileID: 2100000, guid: d7711891d54c6c04199c187c1019b3d2, type: 2}
    - target: {fileID: -7511558181221131132, guid: 5e558ce9124f25c42b6290bc4f7d5dc3,
        type: 3}
      propertyPath: m_Materials.Array.data[1]
      value: 
      objectReference: {fileID: 2100000, guid: df9acafeea64bb04d87c7f404804a0b7, type: 2}
    - target: {fileID: -7511558181221131132, guid: 5e558ce9124f25c42b6290bc4f7d5dc3,
        type: 3}
      propertyPath: m_Materials.Array.data[2]
      value: 
      objectReference: {fileID: 2100000, guid: 25edccc8bcecb4349b2a228eda071eff, type: 2}
    - target: {fileID: -7511558181221131132, guid: 5e558ce9124f25c42b6290bc4f7d5dc3,
        type: 3}
      propertyPath: m_Materials.Array.data[3]
      value: 
      objectReference: {fileID: 2100000, guid: 25edccc8bcecb4349b2a228eda071eff, type: 2}
    - target: {fileID: -7511558181221131132, guid: 5e558ce9124f25c42b6290bc4f7d5dc3,
        type: 3}
      propertyPath: m_Materials.Array.data[4]
      value: 
      objectReference: {fileID: 2100000, guid: 25edccc8bcecb4349b2a228eda071eff, type: 2}
    - target: {fileID: -7511558181221131132, guid: 5e558ce9124f25c42b6290bc4f7d5dc3,
        type: 3}
      propertyPath: m_Materials.Array.data[5]
      value: 
      objectReference: {fileID: 2100000, guid: 25edccc8bcecb4349b2a228eda071eff, type: 2}
    - target: {fileID: -7511558181221131132, guid: 5e558ce9124f25c42b6290bc4f7d5dc3,
        type: 3}
      propertyPath: m_Materials.Array.data[6]
      value: 
      objectReference: {fileID: 2100000, guid: 25edccc8bcecb4349b2a228eda071eff, type: 2}
    - target: {fileID: -7511558181221131132, guid: 5e558ce9124f25c42b6290bc4f7d5dc3,
        type: 3}
      propertyPath: m_Materials.Array.data[7]
      value: 
      objectReference: {fileID: 2100000, guid: 25edccc8bcecb4349b2a228eda071eff, type: 2}
    - target: {fileID: -7511558181221131132, guid: 5e558ce9124f25c42b6290bc4f7d5dc3,
        type: 3}
      propertyPath: m_Materials.Array.data[8]
      value: 
      objectReference: {fileID: 2100000, guid: 25edccc8bcecb4349b2a228eda071eff, type: 2}
    - target: {fileID: -7511558181221131132, guid: 5e558ce9124f25c42b6290bc4f7d5dc3,
        type: 3}
      propertyPath: m_Materials.Array.data[9]
      value: 
      objectReference: {fileID: 2100000, guid: 25edccc8bcecb4349b2a228eda071eff, type: 2}
    - target: {fileID: -7511558181221131132, guid: 5e558ce9124f25c42b6290bc4f7d5dc3,
        type: 3}
      propertyPath: m_Materials.Array.data[10]
      value: 
      objectReference: {fileID: 2100000, guid: 25edccc8bcecb4349b2a228eda071eff, type: 2}
    - target: {fileID: -7511558181221131132, guid: 5e558ce9124f25c42b6290bc4f7d5dc3,
        type: 3}
      propertyPath: m_Materials.Array.data[11]
      value: 
      objectReference: {fileID: 2100000, guid: 25edccc8bcecb4349b2a228eda071eff, type: 2}
    - target: {fileID: -5754084199372789682, guid: 5e558ce9124f25c42b6290bc4f7d5dc3,
        type: 3}
      propertyPath: m_Mesh
      value: 
      objectReference: {fileID: -4952490580888352212, guid: 64ea8e0f87d770a4fbbe602ccb8762dc,
        type: 3}
    - target: {fileID: 919132149155446097, guid: 5e558ce9124f25c42b6290bc4f7d5dc3,
        type: 3}
      propertyPath: m_Name
      value: SpikyCylinder
      objectReference: {fileID: 0}
    - target: {fileID: 919132149155446097, guid: 5e558ce9124f25c42b6290bc4f7d5dc3,
        type: 3}
      propertyPath: m_Layer
      value: 0
      objectReference: {fileID: 0}
    m_RemovedComponents: []
  m_SourcePrefab: {fileID: 100100000, guid: 5e558ce9124f25c42b6290bc4f7d5dc3, type: 3}
--- !u!1 &6256860105858434741 stripped
GameObject:
  m_CorrespondingSourceObject: {fileID: 919132149155446097, guid: 5e558ce9124f25c42b6290bc4f7d5dc3,
    type: 3}
  m_PrefabInstance: {fileID: 6491302023744224228}
  m_PrefabAsset: {fileID: 0}
--- !u!4 &6746117025291115535 stripped
Transform:
  m_CorrespondingSourceObject: {fileID: -8679921383154817045, guid: 5e558ce9124f25c42b6290bc4f7d5dc3,
    type: 3}
  m_PrefabInstance: {fileID: 6491302023744224228}
  m_PrefabAsset: {fileID: 0}
